@article{acemoglu2012network,
  title={The network origins of aggregate fluctuations},
  author={Acemoglu, Daron and Carvalho, Vasco M and Ozdaglar, Asuman and Tahbaz-Salehi, Alireza},
  journal={American Economic Review},
  volume={102},
  number={1},
  pages={131--166},
  year={2012}
}

@article{axtell2025agent,
  title={Agent-Based Modeling in Economics and Finance: Past, Present, and Future},
  author={Axtell, Robert and Farmer, Doyne},
  journal={Journal of Economic Literature},
  volume={63},
  number={1},
  pages={197--287},
  year={2025}
}

@article{fernandez2014econometrics,
  title={The econometrics of DSGE models},
  author={Fern{\'a}ndez-Villaverde, Jes{\'u}s},
  journal={SERIEs},
  volume={1},
  number={1},
  pages={3--49},
  year={2014}
}

@book{tesfatsion2006handbook,
  title={Handbook of computational economics: agent-based computational economics},
  author={Tesfatsion, Leigh and Judd, Kenneth L},
  volume={2},
  year={2006},
  publisher={Elsevier}
}

@article{jackson2008social,
  title={Social and economic networks},
  author={Jackson, Matthew O},
  journal={Princeton university press},
  year={2008}
}

@article{grazzini2012analysis,
  title={Analysis of the emergent properties: Stationarity and ergodicity},
  author={Grazzini, Jakob},
  journal={Journal of Artificial Societies and Social Simulation},
  volume={15},
  number={2},
  pages={7},
  year={2012}
}

@article{windrum2007empirical,
  title={Empirical validation of agent-based models: Alternatives and prospects},
  author={Windrum, Paul and Fagiolo, Giorgio and Moneta, Alessio},
  journal={Journal of Artificial Societies and Social Simulation},
  volume={10},
  number={2},
  pages={8},
  year={2007}
}

@article{fagiolo2019validation,
  title={Validation of agent-based models in economics and finance},
  author={Fagiolo, Giorgio and Guerini, Mattia and Lamperti, Francesco and Moneta, Alessio and Roventini, Andrea},
  journal={Computer simulation validation},
  pages={763--787},
  year={2019}
}

@article{poledna2023economic,
  title={Economic forecasting with an agent-based model},
  author={Poledna, Sebastian and Miess, Michael Georg and Hommes, Cars},
  journal={European Economic Review},
  volume={151},
  pages={104306},
  year={2023}
}

@article{farmer2012economy,
  title={The economy needs agent-based modelling},
  author={Farmer, J Doyne and Foley, Duncan},
  journal={Nature},
  volume={490},
  number={7420},
  pages={685--686},
  year={2012}
}